<?xml version="1.0" encoding="UTF-8"?><collection xmlns="http://www.loc.gov/MARC21/slim"><record><leader>00403nam--2200133-i-4500</leader><controlfield tag="001">000028681</controlfield><controlfield tag="002">20161230</controlfield><controlfield tag="005">20161230201037</controlfield><controlfield tag="008">060222s1000------------r-----000-0-eng-d</controlfield><datafield ind1=" " ind2=" " tag="080"><subfield code="a">535.8.677</subfield></datafield><datafield ind1=" " ind2=" " tag="100"><subfield code="a">Herzog, Alois</subfield></datafield><datafield ind1=" " ind2=" " tag="245"><subfield code="a">Handbuch der mikroskopischen technik fur fasertechnologen.mit 150 abbildungen im text und auf 36 tafeln</subfield></datafield><datafield ind1=" " ind2=" " tag="260"><subfield code="a">Berlin, Akademie Verlag, 1951. Xv + 198p</subfield></datafield><datafield ind1=" " ind2=" " tag="852"><subfield code="a">3661</subfield></datafield></record></collection>